% This file was created with JabRef 2.8.1.
% Encoding: UTF8

@ARTICLE{HLEFT,
  author = {T.L. Adam and K. Chandy and J. Dickson},
  title = {A Comparison of List Scheduling for Parallel Processing Systems},
  journal = {Communications of the ACM},
  year = {1974},
  volume = {17},
  pages = {685-690},
  number = {12},
  month = {Dec},
  owner = {tadvent},
  timestamp = {2012.11.28}
}

@CONFERENCE{comparison,
  author = {Ishfaq Ahmad and Yu-Kwong Kwok},
  title = {Analysis, evaluation, and comparison of algorithms for scheduling
	task graphs on parallel processors},
  booktitle = {International Symposium on Parallel Architectures, Algorithms and
	Networks},
  year = {1996},
  owner = {tadvent},
  timestamp = {2012.11.26}
}

@MANUAL{ARINC653,
  title = {ARINC Specification 653: Avionics Application Software Standard Interface},
  author = {ARINC},
  organization = {Aeronautical Radio INC},
  year = {2005},
  owner = {tadvent},
  timestamp = {2012.11.26}
}

@CONFERENCE{SDF_C,
  author = {Edward Ashford and David G. Messerschmitt},
  title = {Synchronous Data Flow},
  booktitle = {Proceedings of the IEEE},
  year = {1987},
  volume = {75},
  pages = {1235-1245},
  owner = {tadvent},
  timestamp = {2012.11.28}
}

@ARTICLE{SDF1987,
  author = {Edward Ashford and David G. Messerschmitt},
  title = {Static Scheduling of Synchronous Data Flow Programs for Digital Signal
	Processing},
  journal = {IEEE Transactions on computers},
  year = {1987},
  volume = {C-36},
  pages = {24-35},
  number = {1},
  month = {Jan},
  booktitle = {IEEE Transactions on computers},
  owner = {tadvent},
  timestamp = {2012.11.26}
}

@INPROCEEDINGS{HRTSCSDF,
  author = {Bamakhrama, Mohamed and Stefanov, Todor},
  title = {Hard-real-time scheduling of data-dependent tasks in embedded streaming
	applications},
  booktitle = {Proceedings of the ninth ACM international conference on Embedded
	software},
  year = {2011},
  series = {EMSOFT '11},
  pages = {195--204},
  address = {New York, NY, USA},
  publisher = {ACM},
  acmid = {2038672},
  doi = {10.1145/2038642.2038672},
  isbn = {978-1-4503-0714-7},
  keywords = {real-time multiprocessor scheduling, streaming applications},
  location = {Taipei, Taiwan},
  numpages = {10},
  url = {http://doi.acm.org/10.1145/2038642.2038672}
}

@CONFERENCE{LAST,
  author = {J. Baxter and J.H. Patel},
  title = {The LAST Algorithm: A Heuristic-Based Static Task Allocation Algorithm},
  booktitle = {Int'l Conference on Parallel Processing},
  year = {1989},
  volume = {II},
  pages = {217-222},
  month = {Aug.},
  owner = {tadvent},
  timestamp = {2012.11.28}
}

@CONFERENCE{DEDF,
  author = {Thakor D. and Shah A.},
  title = {D\_EDF: An efficient scheduling algorithm for real-time multiprocessor
	system},
  booktitle = {WICT},
  year = {2011},
  pages = {1044-1049},
  owner = {tadvent},
  timestamp = {2012.11.28}
}

@ARTICLE{SurveyHRT,
  author = {Davis, Robert I. and Burns, Alan},
  title = {A survey of hard real-time scheduling for multiprocessor systems},
  journal = {ACM Comput. Surv.},
  year = {2011},
  volume = {43},
  pages = {35:1--35:44},
  number = {4},
  month = oct,
  acmid = {1978814},
  address = {New York, NY, USA},
  articleno = {35},
  doi = {10.1145/1978802.1978814},
  issn = {0360-0300},
  issue_date = {October 2011},
  keywords = {Hard real-time scheduling, global scheduling, multicore, multiprocessor,
	partitioned scheduling},
  numpages = {44},
  publisher = {ACM},
  url = {http://doi.acm.org/10.1145/1978802.1978814}
}

@ARTICLE{MHScheduling,
  author = {H. El-Rewini and T.G. Lewis},
  title = {Scheduling Parallel Programs onto Arbitrary Target Machines},
  journal = {Journal of Parallel and Distributed Computing},
  year = {1990},
  volume = {9},
  pages = {138-153},
  number = {2},
  month = {Jun.},
  owner = {tadvent},
  timestamp = {2012.11.28}
}

@CONFERENCE{Without,
  author = {Julien Forget and Frederic Boniol and Emmanuel Grolleau and David
	Lesens and Claire Pagetti},
  title = {Scheduling Dependent Periodic Tasks Without Synchronization Mechanisms},
  booktitle = {RTAS},
  year = {2010},
  pages = {301-310},
  doi = {10.1109/RTAS.2010.26},
  owner = {tadvent},
  timestamp = {2012.11.26}
}

@ARTICLE{MoCdefacto,
  author = {A. Gerstlauer and C. Haubelt and A. D. Pimentel and T. P. Stefanov
	and D. D. Gajski and J. Teich},
  title = {Electronic System-Level Synthesis Methodologies},
  journal = {IEEE Transactions on Computer-Aided Design of Integrated Circuits
	and Systems},
  year = {2009},
  volume = {28(10)},
  pages = {1517--1530},
  owner = {tadvent},
  timestamp = {2012.12.11}
}

@ARTICLE{HuLevel,
  author = {T.C. Hu},
  title = {Parallel sequencing and assembly line problems},
  journal = {Operational Research Quarterly},
  year = {1961},
  volume = {9},
  pages = {841-848},
  owner = {tadvent},
  timestamp = {2012.11.26}
}

@CONFERENCE{ETFScheduling,
  author = {J.J. Hwang and Y.C. Chow and F.D. Anger and C.Y. Lee},
  title = {Scheduling precedence graphs in systems with interprocessor communication
	times},
  booktitle = {SIAM J. Comp.},
  year = {1989},
  pages = {244-257},
  month = {Apr.},
  journal = {SIAM J. Comp.},
  owner = {tadvent},
  timestamp = {2012.11.28}
}

@INPROCEEDINGS{KPN74,
  author = {G. Kahn},
  title = {The semantics of a simple language for parallel programming},
  booktitle = {Information processing},
  year = {1974},
  editor = {J. L. Rosenfeld},
  pages = {471-475},
  address = {Stockholm, Sweden},
  month = {Aug},
  publisher = {North Holland, Amsterdam}
}

@CONFERENCE{CriticalPath,
  author = {W. H. Kohler},
  title = {A preliminary evaluation of the critical path method for scheduling
	tasks on multiprocessor systems},
  booktitle = {IEEE Trans. Comput.},
  year = {1975},
  volume = {C-25},
  pages = {1235-1238},
  month = {Dec},
  owner = {tadvent},
  timestamp = {2012.11.27}
}

@ARTICLE{DAGNP,
  author = {Boontee Kruatrachue and Ted Lewis},
  title = {Grain Size Determination for Parallel Processing},
  journal = {IEEE Software},
  year = {1988},
  volume = {5},
  pages = {23-32},
  month = {Jan.},
  doi = {10.1109/52.1991},
  owner = {tadvent},
  timestamp = {2012.11.29}
}

@TECHREPORT{Kruatrachue1987,
  author = {B. Kruatrachue and T.G. Lewis},
  title = {Duplication Scheduling Heuristics (DSH): A New Precedence Task Scheduler
	for Parallel Processor Systems},
  institution = {Oregon State University, Corvallis, OR 97331},
  year = {1987},
  owner = {tadvent},
  timestamp = {2012.11.28}
}

@CONFERENCE{BSA,
  author = {Y.K. Kwok and I. Ahmad},
  title = {Bubble Scheduling: A Quasi Dynamic Algorithm for Static Allocation
	of Tasks to Parallel Architectures},
  booktitle = {7th IEEE Symposium on Parallel and Distributed Processing},
  year = {1995},
  month = {Oct.},
  owner = {tadvent},
  timestamp = {2012.11.28}
}

@CONFERENCE{Leinberger2000,
  author = {William Leinberger and George Karypis and Vipin Kumar},
  title = {Load Balancing across Near-Homogeneous Multi-Resource Servers},
  booktitle = {9th Heterogeneous Computing Workshop (HCW 2000)},
  year = {2000},
  owner = {tadvent},
  timestamp = {2012.11.28},
  url = {www.cs.umn.edu/~leinberger}
}

@CONFERENCE{Challenge,
  author = {G. Martin.},
  title = {Overview of the MPSoC design challenge},
  booktitle = {Proc. of DAC},
  year = {2006},
  pages = {274--279},
  owner = {tadvent},
  timestamp = {2012.12.11}
}

@CONFERENCE{BUScheduling,
  author = {N. Mehdiratta and K. Ghose},
  title = {A Bottom-Up Approach to Task Scheduling on Distributed Memory Multiprocessor},
  booktitle = {Int'l Conf. on Parallel Processing},
  year = {1994},
  volume = {II},
  pages = {151-154},
  month = {Aug.},
  owner = {tadvent},
  timestamp = {2012.11.28}
}

@MANUAL{OSEK,
  title = {OSEX/VDX Operating System Specification 2.2.1},
  author = {OSEK},
  organization = {OSEK Group},
  year = {2003},
  owner = {tadvent},
  timestamp = {2012.11.26},
  url = {www.osek-vdx.org}
}

@CONFERENCE{Contention,
  author = {RAJKUMAR,R. and SHA, L.and LEHOCZKY, J. P.},
  title = {Real-time synchronization protocols for multiprocessors},
  booktitle = {Proceedings of the Real Time Systems Symposium},
  year = {1988},
  pages = {259--269},
  owner = {tadvent},
  timestamp = {2012.12.11}
}

@ARTICLE{SchOSRT,
  author = {Ramamritham, K.},
  title = {Scheduling Algorithms and Operating Systems Support for Real-Time
	Systems},
  journal = {Proceedings of the IEEE},
  year = {1994},
  volume = {82},
  pages = {55--67},
  owner = {tadvent},
  timestamp = {2012.12.10}
}

@MANUAL{RTEMS,
  title = {RTEMS C user's guide},
  author = {RTEMS},
  organization = {OAR Corporation},
  edition = {4.9.2},
  year = {2009},
  owner = {tadvent},
  timestamp = {2012.11.26}
}

@CONFERENCE{FastHeu,
  author = {Margarete Sackmann and Peter Ebraert and Dirk Janssens},
  title = {A Fast Heuristic for Scheduling Parallel Software with Respect to
	Energy and Timing Constraints},
  booktitle = {IEEE International Distributed Processing Symposium},
  year = {2011},
  pages = {1397-1406},
  doi = {10.1109/IPDPS.2011.284},
  owner = {tadvent},
  timestamp = {2012.11.26}
}

@ARTICLE{SContention,
  author = {SHA, L. and RAJKUMAR, R.and LEHOCZKY, J. P.},
  title = {Priority inheritance protocols: An approach to real-time synchronization},
  journal = {IEEE Trans. Comp.},
  year = {1990},
  volume = {39},
  pages = {1175--1185},
  owner = {tadvent},
  timestamp = {2012.12.11}
}

@ARTICLE{DLS,
  author = {Gilbert C. Sih and Edward A. Lee},
  title = {A compile-time scheduling heuristic for interconnection-constrained
	heterogeneous processor architectures},
  journal = {IEEE Transactions on Parallel and Distributed Systems},
  year = {1993},
  volume = {4},
  pages = {175-187},
  number = {2},
  month = {Feb},
  doi = {10.1109/71.207593},
  owner = {tadvent},
  timestamp = {2012.11.27}
}

@MANUAL{VxWorksRTCA,
  title = {VxWorks 653 - DO-178B Certified ARINC 653 Real-Time Operating System},
  author = {VxWorks},
  organization = {WindRiver},
  year = {2006},
  owner = {tadvent},
  timestamp = {2012.11.26}
}

@ARTICLE{WCET,
  author = {Reinhard Wilhelm and Jakob Engblom and Andreas Ermedahl and Niklas
	Holsti and Stephan Thesing and
	
	David Whalley and Guillem Bernat and Christian Ferdinand and Reinhold
	Heckmann and Tulika Mitra and
	
	Frank Mueller and Isabelle Puaut and Peter Puschner and Jan Staschulat
	and Per Stenstrom},
  title = {The worst-case execution-time problem—overview of methods and survey
	of tools},
  journal = {ACM Transactions on Embedded Computing Systems (TECS)},
  year = {2008},
  volume = {7},
  pages = {Article No. 36},
  doi = {10.1145/1347375.1347389},
  owner = {tadvent},
  timestamp = {2012.11.27}
}

@ARTICLE{MCPScheduling,
  author = {M.Y. Wu and D.D. Gajski},
  title = {Hypertool: A Programming Aid for Message-Passing Systems},
  journal = {IEEE Trans. on Parallel and Distributed Systems},
  year = {1990},
  volume = {1},
  pages = {330-343},
  number = {3},
  month = {Jul.},
  owner = {tadvent},
  timestamp = {2012.11.28}
}

@CONFERENCE{Xujia1993,
  author = {Jia Xu},
  title = {Multiprocessor Scheduling of Processes with Release Times, Deadlines,
	Precedence, and Exclusion Relations},
  booktitle = {IEEE Transactions on software engineering},
  year = {1993},
  volume = {19},
  number = {2},
  month = {Feb},
  owner = {tadvent},
  timestamp = {2012.11.26}
}

@CONFERENCE{Yu1991,
  author = {Yu, Albert C. and Kwei-Jay Lin},
  title = {Scheduling Parallelizable Imprecise Computations on Multiprocessor},
  booktitle = {Depar tment of Computer Science Technical Report No. UIUCDCS-R-91-1683},
  year = {1991},
  organization = {University of Illinois at Urbana Champaign},
  owner = {tadvent},
  timestamp = {2012.11.28}
}

@TECHREPORT{FormalModelComp,
  author = {Valentina Zadrija},
  title = {Survey of Formal Models of Computation for Multi-Core Systems},
  institution = {Department of Electronics, Microelectronics, Computer and Intelligent
	Systems,
	
	University of Zagreb, Croatia},
  year = {2009},
  address = {Faculty of Electrical Engineering and Computing, Unska 3, 10000 Zagreb,
	Croatia},
  owner = {tadvent},
  timestamp = {2012.11.28}
}

@TECHREPORT{MoCSurvey,
  author = {Zadrija, V.},
  title = {Survey of Formal Models of Computation for Multi-Core Systems},
  institution = {University of Zagreb, Croatia},
  year = {2009},
  owner = {tadvent},
  timestamp = {2012.12.11}
}

@CONFERENCE{Zhu2003,
  author = {Zhu, Xiangbin and Tu, Shiliang},
  title = {An improved dynamic scheduling algorithm for multiprocessor real-time
	systems},
  booktitle = {The International Conference on Parallel and Distributed Computing,
	Applications and Technologies (PDCAT)},
  year = {2003},
  pages = {710-714},
  owner = {tadvent},
  timestamp = {2012.11.28}
}

@BOOK{DistCompCH,
  title = {并行分布计算中的调度算法理论与设计},
  publisher = {武汉大学出版社},
  year = {2003},
  author = {朱福喜，何炎祥},
  owner = {tadvent},
  timestamp = {2012.11.28}
}

